
@Article{FrontPageIMG,
    title   =   "Debian Logo (Image)" ,
    author  =   "Debian" ,
    journal =   "" ,
    note    =   "http://www.debian.org" ,
    year    =   2009
}

@Article{Debian,
    title   =   "Debian Site" ,
    author  =   "Debian" ,
    journal =   "" ,
    note    =   "http://www.debian.org" ,
    year    =   2009
}

@Article{DebianGuide,
    title   =   "Guia de Instalação do Debian" ,
    author  =   "Debian" ,
    journal =   "" ,
    note    =   "http://www.debian.org/releases/stable/i386/index.html.pt\_BR" ,
    year    =   2009
}
