
@Article{SSL,
    title   =   "ICP-Brasil: Infra-estrutura de chaves p√∫blicas brasileira" ,
    author  =   "" ,
    journal =   "" ,
    note    =   "http://www.icpbrasil.gov.br/" ,
    year    =   2009
}

@Article{URI,
    title   =   "URI Sintax" ,
    author  =   "Wikipedia" ,
    journal =   "" ,
    note    =   "http://en.wikipedia.org/wiki/URI\_scheme" ,
    year    =   2009
}


@Article{BDBref,
    title   =   "Berkeley DB Programmer's Reference Guide" ,
    author  =   "Oracle Corporation 1996-2006" ,
    journal =   "" ,
    note    =   "http://www.eecs.harvard.edu/~uribraun/db-4.5.20.NC/docs/ref/toc.html" ,
    year    =   2009
}

@Article{BDBlock,
    title   =   "Berkeley DB Programmer's Reference Guide: Locking Subsystem" ,
    author  =   "Oracle Corporation 1996-2006" ,
    journal =   "" ,
    note    =   "http://www.eecs.harvard.edu/~uribraun/db-4.5.20.NC/docs/ref/lock/max.html" ,
    year    =   2009
}

@Article{BDBcache,
    title   =   "Berkeley DB Programmer's Reference Guide: set\_cachesize" ,
    author  =   "Oracle Corporation 1996-2006" ,
    journal =   "" ,
    note    =   "http://www.eecs.harvard.edu/~uribraun/db-4.5.20.NC/docs/api\_c/db\_set\_cachesize.html" ,
    year    =   2009
}

@Article{OPENLDAPaccess,
    title   =   "OpenLDAP Software 2.4 Administrators Guide: Access Control" ,
    author  =   "OpenLDAP Foundation 2008" ,
    journal =   "" ,
    note    =   "http://www.openldap.org/doc/admin24/access-control.html" ,
    year    =   2009
}

