
@Article{SSL,
    title   =   "Certificate Signing Request Overview" ,
    author  =   "" ,
    journal =   "" ,
    note    =   "http://www.noah.org/wiki/index.php/CSR\_Apache" ,
    year    =   2007
}

@Article{SSL2,
    title   =   "ICP-Brasil: Infra-estrutura de chaves públicas brasileira" ,
    author  =   "" ,
    journal =   "" ,
    note    =   "http://www.icpbrasil.gov.br/" ,
    year    =   2007
}

@Article{Saslauthd,
    title   =   "Saslauthd" ,
    author  =   "Reinaldo Gil Lima de Carvalho" ,
    journal =   "Documentação Pessoal" ,
    note    =   "http://www.nautilus.com.br/~rei/material/artigos/saslauthd.html" ,
    year    =   2006
}

@Article{Spam,
    title   =   "Postfix with Mbox" ,
    author  =   "Reinaldo Gil Lima de Carvalho" ,
    journal =   "Documentação Pessoal" ,
    note    =   "http://www.nautilus.com.br/~rei/material/artigos/postfix-with-mailbox.html" ,
    year    =   2006
}

